<record><leader>00000cas a2200000 a 4500</leader><controlfield tag="001">32708961</controlfield><controlfield tag="007">hd bfu---baat</controlfield><controlfield tag="007">hd afu---bact</controlfield><controlfield tag="008">950626d19441951nbudr nea     0    0eng d</controlfield><datafield ind1=" " ind2=" " tag="010"><subfield code="a">sn 95069701 </subfield></datafield><datafield ind1=" " ind2=" " tag="040"><subfield code="a">NVG</subfield><subfield code="b">eng</subfield><subfield code="c">NVG</subfield><subfield code="d">OCL</subfield><subfield code="d">OCLCQ</subfield></datafield><datafield ind1=" " ind2=" " tag="042"><subfield code="a">msc</subfield></datafield><datafield ind1=" " ind2=" " tag="043"><subfield code="a">n-us-nb</subfield></datafield><datafield ind1="0" ind2=" " tag="130"><subfield code="a">Lincoln evening journal (Lincoln, Neb. : 1944)</subfield></datafield><datafield ind1="1" ind2="0" tag="245"><subfield code="a">Lincoln evening journal.</subfield></datafield><datafield ind1="1" ind2=" " tag="246"><subfield code="i">On Sundays published as:</subfield><subfield code="a">Sunday journal and star</subfield></datafield><datafield ind1="1" ind2="3" tag="246"><subfield code="a">Lincoln state journal</subfield></datafield><datafield ind1="1" ind2="7" tag="246"><subfield code="a">Lincoln journal</subfield></datafield><datafield ind1=" " ind2=" " tag="260"><subfield code="a">Lincoln, Neb. :</subfield><subfield code="b">Fred S. Seacrest, Joe W. Seacrest,</subfield><subfield code="c">1944-1951.</subfield></datafield><datafield ind1=" " ind2=" " tag="300"><subfield code="a">7 volumes :</subfield><subfield code="b">illustrations</subfield></datafield><datafield ind1=" " ind2=" " tag="310"><subfield code="a">Daily</subfield></datafield><datafield ind1=" " ind2=" " tag="336"><subfield code="a">text</subfield><subfield code="b">txt</subfield><subfield code="2">rdacontent</subfield></datafield><datafield ind1=" " ind2=" " tag="337"><subfield code="a">microform</subfield><subfield code="b">h</subfield><subfield code="2">rdamedia</subfield></datafield><datafield ind1=" " ind2=" " tag="338"><subfield code="a">microfilm reel</subfield><subfield code="b">hd</subfield><subfield code="2">rdacarrier</subfield></datafield><datafield ind1="0" ind2=" " tag="362"><subfield code="a">Dec. 30, 1944-84th year, no. 39 (Feb. 14, 1951).</subfield></datafield><datafield ind1=" " ind2=" " tag="515"><subfield code="a">Numbering began with 84th year, no. 23, Jan. 23, 1951.</subfield></datafield><datafield ind1=" " ind2=" " tag="580"><subfield code="a">Morning ed.: Lincoln Nebraska state journal.</subfield></datafield><datafield ind1=" " ind2=" " tag="533"><subfield code="a">Microfilm.</subfield><subfield code="m">1944-1947:[Lacks Sunday issues]</subfield><subfield code="b">[Lincoln, Neb.] :</subfield><subfield code="c">Nebraska State Historical Society.</subfield><subfield code="e">12 microfilm reels ; 35 mm.</subfield></datafield><datafield ind1=" " ind2=" " tag="752"><subfield code="a">United States</subfield><subfield code="b">Nebraska</subfield><subfield code="c">Lancaster</subfield><subfield code="d">Lincoln.</subfield></datafield><datafield ind1="1" ind2=" " tag="775"><subfield code="t">Lincoln Nebraska state journal</subfield><subfield code="w">(DLC)sn 95069680</subfield></datafield><datafield ind1="1" ind2=" " tag="776"><subfield code="c">Original</subfield><subfield code="w">(DLC)sn 84020251</subfield></datafield><datafield ind1="0" ind2="0" tag="780"><subfield code="t">Lincoln evening state journal</subfield><subfield code="w">(DLC)sn 95069700</subfield></datafield><datafield ind1="0" ind2="5" tag="780"><subfield code="t">Lincoln Nebraska state journal</subfield><subfield code="w">(DLC)sn 95069680</subfield></datafield><datafield ind1="0" ind2="0" tag="785"><subfield code="t">Lincoln evening journal and Nebraska state journal</subfield><subfield code="w">(DLC)sn 95069703</subfield></datafield><datafield ind1="1" ind2=" " tag="029"><subfield code="a">AU@</subfield><subfield code="b">000011782824</subfield></datafield></record>